
@InProceedings{	  oflazer1999bootstrapping,
  title		= {Practical bootstrapping of morphological analyzers},
  author	= {Oflazer, Kemal and Nirenburg, Sergei},
  booktitle	= {Proceedings of Computational Natural Language Learning
		  (CoNLL-99) Workshop at EACL},
  volume	= {99},
  year		= {1999},
  pdf		= {articles/1999/oflazer1999bootstrapping.pdf}
}

@Article{	  beesley2003,
  title		= {Finite-state morphology: Xerox tools and techniques},
  author	= {Beesley, Kenneth R and Karttunen, Lauri},
  journal	= {CSLI, Stanford},
  year		= {2003},
  isbn		= {9781575864341},
  pdf		= {books/2003/beesley2003.pdf}
}

@Book{		  mahlow2009,
  editor	= {Cerstin Mahlow and Michael Piotrowski},
  title		= {State of the Art in Computational Morphology},
  year		= 2009,
  isbn		= {978-3-642-04130-3},
  series	= {Communications in Computer andInformationScience},
  publisher	= {Springer},
  pdf		= {books/2009/mahlow2009.pdf}
}

@InCollection{	  linden2009,
  title		= {HFST Tools for Morphology--An Efficient Open-Source
		  Package for Construction of Morphological Analyzers},
  author	= {Lind{\'e}n, Krister and Silfverberg, Miikka and Pirinen,
		  Tommi},
  booktitle	= {State of the Art in Computational Morphology},
  pages		= {28--47},
  crossref	= {mahlow2009},
  pdf		= {books/2009/mahlow2009.pdf}
}

@InProceedings{	  hulden2009,
  title		= {Foma: a finite-state compiler and library},
  author	= {Hulden, Mans},
  booktitle	= {Proceedings of the 12th Conference of the European Chapter
		  of the Association for Computational Linguistics:
		  Demonstrations Session},
  pages		= {29--32},
  year		= {2009},
  publisher	= {Association for Computational Linguistics},
  pdf		= {articles/2009/hulden2009.pdf}
}

@InProceedings{	  oflazer1999,
  author	= {Kemal Oflazer and Dilek Hakkani-Tür and Gökhan Tür},
  title		= {Design for a {T}urkish Treebank},
  booktitle	= {Proceedings of the Workshop on Linguistically Interpreted
		  Corpora, at EACL'99},
  location	= {Bergen, Norway},
  year		= 1999,
  pdf		= {articles/1999/oflazer1999.pdf}
}

@Book{		  abeille2003,
  title		= {Treebanks: Building and Using Parsed Corpora},
  editor	= {Abeill{\'e}, A.},
  isbn		= {9781402013348},
  series	= {Text, Speech and Language Technology},
  year		= {2003},
  publisher	= {Springer}
}

@InCollection{	  oflazer2003,
  title		= {Building a Turkish treebank},
  author	= {Oflazer, Kemal and Say, Bilge and Hakkani-T{\"u}r, Dilek
		  Zeynep and T{\"u}r, G{\"o}khan},
  pages		= {261--277},
  year		= {2003},
  crossref	= {abeille2003},
  pdf		= {articles/2003/offlazer2003.pdf}
}

@Unpublished{	  akin2007,
  title		= {Zemberek, an open source NLP framework for {T}urkic
		  Languages},
  author	= {Akın, Ahmet Afşin and Akın, Mehmet Dündar},
  year		= {2007},
  note		= {Available at http://zemberek.googlecode.com/},
  url		= {http://zemberek.googlecode.com/}
}

@InProceedings{	  coltekin2010,
  title		= {A Freely Available Morphological Analyzer for Turkish},
  author	= {{\c{C}}\"{o}ltekin, {\c{C}}a\u{g}r\i{}},
  booktitle	= {Proceedings of the 7th International Conference on
		  Language Resources and Evaluation (LREC2010)},
  year		= {2010},
  location	= {Valetta, Malta}
}

@InProceedings{	  coltekin2010c,
  title		= {Improving Successor Variety for Morphological
		  Segmentation},
  author	= {{\c{C}}\"{o}ltekin, {\c{C}}a\u{g}r\i{}},
  booktitle	= {Proceedings of the 20th Meeting of Computational
		  Linguistics in the Netherlands},
  year		= {2010},
  location	= {Utrecht, The Netherlands}
}

@Book{		  goksel2005,
  title		= {{T}urkish: A Comprehensive Grammar},
  author	= {Aslı Göksel and Celia Kerslake},
  year		= {2005},
  publisher	= {London: Routledge},
  pdf		= {books/2005/goksel2005.pdf}
}

@Article{	  oflazer1994,
  title		= {Two-level description of {T}urkish morphology},
  author	= {Kemal Oflazer},
  year		= {1994},
  issue		= {2},
  volume	= {9},
  journal	= {Literary and Linguistic Computing},
  pdf		= {articles/1994/oflazer1994.pdf}
}

@InProceedings{	  schmid2005,
  title		= {A programming language for finite state transducers},
  author	= {Helmut Schmid},
  booktitle	= {Proceedings of the 5th International Workshop on Finite
		  State Methods in Natural Language Processing (FSMNLP
		  2005)},
  year		= {2005},
  location	= {Helsinki},
  pages		= {308–309},
  pdf		= {articles/2005/schmid2005.pdf}
}

@InProceedings{	  oflazer1997,
  author	= {Oflazer, Kemal and T{\"u}r, G{\"o}khan},
  title		= {Morphological Disambiguation by Voting Constraints},
  booktitle	= {Proceedings of the 35th Annual Meeting of the Association
		  for Computational Linguistics},
  pages		= {222--229},
  year		= 1997,
  pdf		= {articles/1997/oflazer1997.pdf}
}
